<?xml version="1.0" encoding="utf-8"?>
<record xmlns="http://www.loc.gov/MARC21/slim" xmlns:xsi="http://www.w3.org/2001/XMLSchema-instance" xsi:schemaLocation="http://www.loc.gov/MARC21/slim http://www.loc.gov/standards/marcxml/schema/MARC21slim.xsd">
	<leader>     nam a22        4500</leader>
	<controlfield tag="001">b12315308</controlfield>
	<controlfield tag="003">LeBAU</controlfield>
	<controlfield tag="006">m        d        </controlfield>
	<controlfield tag="007">cr cn |||m|||a</controlfield>
	<controlfield tag="008">170516s1948    le      o     ||0 s ara d</controlfield>
	<datafield ind1=" " ind2=" " tag="040">
		<subfield code="a">NNU</subfield>
		<subfield code="b">ara</subfield>
		<subfield code="e">rda</subfield>
		<subfield code="c">NNU</subfield>
	</datafield>
	<datafield ind1="0" ind2=" " tag="041">
		<subfield code="a">ara</subfield>
		<subfield code="a">fre</subfield>
		<subfield code="a">eng</subfield>
	</datafield>
	<datafield ind1=" " ind2="4" tag="050">
		<subfield code="a">DS86</subfield>
		<subfield code="b">.K48 1948</subfield>
	</datafield>
	<datafield ind1="0" ind2="4" tag="082">
		<subfield code="a">060</subfield>
		<subfield code="2">20</subfield>
	</datafield>
	<datafield ind1="1" ind2=" " tag="100">
		<subfield code="6">880-01</subfield>
		<subfield code="a">Khūrī, Bishārah Khalīl,</subfield>
		<subfield code="d">1890-1964,</subfield>
		<subfield code="e">author.</subfield>
	</datafield>
	<datafield ind1="1" ind2="0" tag="245">
		<subfield code="6">880-02</subfield>
		<subfield code="a">Khiṭāb ḥaḍrat ṣāḥib al-Fakhāmah al-Shaykh Bishārah Khalīl al-Khūrī raʼīs al-Jumhūrīyah al-Lubnānīyah fī ḥaflat al-Istiqbāl al-Rasmī li-mandūbī al-Mu’tamar al-‘Ām al-Thālith li-Munaẓẓamat al-Ūmam al-Muttaḥidah lil-Tarbiyah wa-al-ʻIlm wa-al-Thaqāfah, Bayrūt fī 17 Tishrīn al-Thānī 1948.</subfield>
		<subfield code="b">Discours de son excellence cheikh Béchara khalil el-Khoury président de la République Libanaise prononcé a l'occasion de la cérémonie solennelle de bienvenue en l'honneur des délégués a la 3me session de la conférence générale de l' U.N.E.S.C.O., Beyrouth le 17 Novembre 1948 = Address of his excellency cheikh Bechara khalil el-Khoury president of the Republic of the Lebanon delivered at the formal welcome ceremony in honour of the delegates to the third session of the general conference of the U.N.E.S.C.O., Beirut, 17 November 1948.</subfield>
	</datafield>
	<datafield ind1="3" ind2="1" tag="246">
		<subfield code="a">Discours de son excellence cheikh Béchara khalil el-Khoury président de la République Libanaise prononcé a l'occasion de la cérémonie solennelle de bienvenue en l'honneur des délégués a la 3me session de la conférence générale de l' U.N.E.S.C.O., Beyrouth le 17 Novembre 1948</subfield>
	</datafield>
	<datafield ind1="3" ind2="1" tag="246">
		<subfield code="a">Address of his excellency cheikh Bechara khalil el-Khoury president of the Republic of the Lebanon delivered at the formal welcome ceremony in honour of the delegates to the third session of the general conference of the U.N.E.S.C.O., Beirut, 17 November 1948.</subfield>
	</datafield>
	<datafield ind1=" " ind2="1" tag="264">
		<subfield code="6">880-03</subfield>
		<subfield code="a">Bayrūt :</subfield>
		<subfield code="b">Ūnīskū,</subfield>
		<subfield code="c">1948.</subfield>
	</datafield>
	<datafield ind1=" " ind2=" " tag="300">
		<subfield code="6">880-04</subfield>
		<subfield code="a">online resource (1 volume (unpaged))</subfield>
	</datafield>
	<datafield ind1=" " ind2=" " tag="336">
		<subfield code="a">text</subfield>
		<subfield code="2">rdacontent</subfield>
	</datafield>
	<datafield ind1=" " ind2=" " tag="337">
		<subfield code="a">computer</subfield>
		<subfield code="2">rdamedia</subfield>
	</datafield>
	<datafield ind1=" " ind2=" " tag="338">
		<subfield code="a">online resource</subfield>
		<subfield code="2">rdacarrier</subfield>
	</datafield>
	<datafield ind1=" " ind2=" " tag="500">
		<subfield code="a">Part of the Arabic Collections Online (ACO) project, contributed by American University of Beirut's Jafet Memorial Library.</subfield>
	</datafield>
	<datafield ind1=" " ind2=" " tag="533">
		<subfield code="a">Electronic reproduction.</subfield>
		<subfield code="b">New York, N.Y. :</subfield>
		<subfield code="c">New York University,</subfield>
		<subfield code="d">2017.</subfield>
		<subfield code="5">NNU</subfield>
	</datafield>
	<datafield ind1="1" ind2="0" tag="600">
		<subfield code="6">880-05</subfield>
		<subfield code="a">Khūrī, Bishārah Khalīl,</subfield>
		<subfield code="d">1890-1964</subfield>
		<subfield code="x">Speeches.</subfield>
	</datafield>
	<datafield ind1="2" ind2=" " tag="710">
		<subfield code="a">Jafet Memorial Library.</subfield>
	</datafield>
	<datafield ind1="0" ind2=" " tag="730">
		<subfield code="a">Arabic Collections Online.</subfield>
	</datafield>
	<datafield ind1="0" ind2="8" tag="776">
		<subfield code="i">Print version:</subfield>
		<subfield code="a">Khūrī, Bishārah Khalīl, 1890-1964, author.</subfield>
		<subfield code="t">Khiṭāb ḥaḍrat ṣāḥib al-Fakhāmah al-Shaykh Bishārah Khalīl al-Khūrī raʼīs al-Jumhūrīyah al-Lubnānīyah fī ḥaflat al-Istiqbāl al-Rasmī li-mandūbī al-Mu’tamar al-‘Ām al-Thālith li-Munaẓẓamat al-Ūmam al-Muttaḥidah lil-Tarbiyah wa-al-ʻIlm wa-al-Thaqāfah, Bayrūt fī 17 Tishrīn al-Thānī 1948</subfield>
		<subfield code="w">(LeBAU)b12315308</subfield>
	</datafield>
	<datafield ind1="4" ind2="0" tag="856">
		<subfield code="u">http://hdl.handle.net/2333.1/bk3j9r04</subfield>
	</datafield>
	<datafield ind1="1" ind2=" " tag="880">
		<subfield code="6">100-01</subfield>
		<subfield code="a">الخوري، بشارة خليل،</subfield>
		<subfield code="d">1890-1964،</subfield>
		<subfield code="e">مؤلف.</subfield>
		<subfield code="4">aut.</subfield>
	</datafield>
	<datafield ind1="1" ind2="0" tag="880">
		<subfield code="6">245-02</subfield>
		<subfield code="a">خطاب حضرة صاحب الفخامة الشيخ بشارة خليل الخوري رئيس الجمهورية اللبنانية في حفلة الاستقبال الرسمي لمندوبي المؤتمر العام الثالث لمنظمة الأمم المتحدة للتربية و العلم و الثقافة، بيروت في 17 تشرين الثاني 1948 =</subfield>
	</datafield>
	<datafield ind1=" " ind2="1" tag="880">
		<subfield code="6">264-03</subfield>
		<subfield code="a">بيروت :</subfield>
		<subfield code="b">أونيسكو،</subfield>
		<subfield code="c">1948.</subfield>
	</datafield>
	<datafield ind1=" " ind2=" " tag="880">
		<subfield code="6">300-04</subfield>
		<subfield code="a">1 جزء (دون ترقيم) ؛</subfield>
		<subfield code="c">32 سم</subfield>
	</datafield>
	<datafield ind1=" " ind2=" " tag="880">
		<subfield code="6">546-00</subfield>
		<subfield code="a">النص بالعربية والفرنسية والانجليزية.</subfield>
	</datafield>
	<datafield ind1="1" ind2="4" tag="880">
		<subfield code="6">600-05</subfield>
		<subfield code="a">الخوري، بشارة خليل،</subfield>
		<subfield code="d">1890-1964</subfield>
		<subfield code="x">خطب.</subfield>
	</datafield>
	<datafield ind1=" " ind2=" " tag="959">
		<subfield code="a">NNU</subfield>
		<subfield code="b">WEB</subfield>
		<subfield code="c">GENI</subfield>
		<subfield code="t">0</subfield>
		<subfield code="m">Electronic access</subfield>
		<subfield code="s">01</subfield>
	</datafield>
	<datafield ind1=" " ind2=" " tag="999">
		<subfield code="i">LeBAU_b12315308</subfield>
		<subfield code="s">aub_aco000699</subfield>
		<subfield code="e">(ERROR-880)</subfield>
		<subfield code="s">aub_aco000699</subfield>
	</datafield>
</record>
